<record><leader>00905cam a2200289 a 4500</leader><controlfield tag="001">1002689</controlfield><controlfield tag="008">880414s1985    enk      d      1 0 eng d</controlfield><datafield ind1=" " ind2=" " tag="010"><subfield code="a">   86122658</subfield></datafield><datafield ind1=" " ind2=" " tag="020"><subfield code="a">0460044249</subfield></datafield><datafield ind1=" " ind2=" " tag="035"><subfield code="a">ocm14132895</subfield></datafield><datafield ind1=" " ind2=" " tag="040"><subfield code="a">DLC</subfield><subfield code="b">eng</subfield><subfield code="c">DLC</subfield></datafield><datafield ind1=" " ind2=" " tag="049"><subfield code="a">AEU</subfield><subfield code="b">eng</subfield></datafield><datafield ind1="0" ind2="0" tag="050"><subfield code="a">PN2035</subfield><subfield code="b">.T47 1985</subfield></datafield><datafield ind1="0" ind2=" " tag="082"><subfield code="a">792/.0321</subfield><subfield code="2">19</subfield></datafield><datafield ind1="0" ind2=" " tag="090"><subfield code="a">PN 2035 T475 1985</subfield></datafield><datafield ind1="1" ind2=" " tag="100"><subfield code="a">Thomson, Peter,</subfield><subfield code="d">1938-</subfield></datafield><datafield ind1="1" ind2="4" tag="245"><subfield code="a">The everyman companion to the theatre /</subfield><subfield code="c">Peter Thomson, G&#8315;amini Salg&#8315;ado.</subfield></datafield><datafield ind1=" " ind2=" " tag="260"><subfield code="a">London :</subfield><subfield code="b">J.M. Dent,</subfield><subfield code="c">1985.</subfield></datafield><datafield ind1=" " ind2=" " tag="300"><subfield code="a">458 p. ;</subfield><subfield code="c">24 cm.</subfield></datafield><datafield ind1=" " ind2=" " tag="336"><subfield code="a">text</subfield><subfield code="b">txt</subfield><subfield code="2">rdacontent</subfield></datafield><datafield ind1=" " ind2=" " tag="337"><subfield code="a">unmediated</subfield><subfield code="b">n</subfield><subfield code="2">rdamedia</subfield></datafield><datafield ind1=" " ind2=" " tag="338"><subfield code="a">volume</subfield><subfield code="b">nc</subfield><subfield code="2">rdacarrier</subfield></datafield><datafield ind1=" " ind2=" " tag="500"><subfield code="a">Includes indexes.</subfield></datafield><datafield ind1=" " ind2=" " tag="596"><subfield code="a">43</subfield></datafield><datafield ind1=" " ind2="0" tag="650"><subfield code="a">Theater</subfield><subfield code="v">Dictionaries.</subfield></datafield><datafield ind1="1" ind2=" " tag="700"><subfield code="a">Salg&#257;do, G&#257;mini,</subfield><subfield code="d">1929-1985.</subfield></datafield><datafield ind1=" " ind2=" " tag="926"><subfield code="a">PN 2035 T475 1985</subfield><subfield code="w">LC</subfield><subfield code="c">1</subfield><subfield code="i">000024105942</subfield><subfield code="l">ON_SHELF</subfield><subfield code="m">UAHSS</subfield><subfield code="p">$150.00</subfield><subfield code="r">Y</subfield><subfield code="s">Y</subfield><subfield code="t">BOOK</subfield><subfield code="u">4/15/1988</subfield></datafield></record>